@article{canmoocsreducecc,
	author = "Ruth S",
	title = {Can MOOCs and existing e-learning paradigms help reduce college costs?},
	year = 2012,
	journal = "International Journal of Technology in Teaching and Learning",
	url = "http://sicet.org/journals/ijttl/issue1201/2_Ruth.pdf",
	pages = "21--32",
	}
@article{makingsenseofmoocs,
	author = "Sir John Daniel",
	title = {Making Sense of MOOCs: Musings in a Maze of Myth, Paradox and Possibility},
	year = 2012,
	journal = "Journal of Interactive Media in Education",
	url = "http://www-jime.open.ac.uk/jime/article/viewArticle/2012-18/html",
	}
@article{swotanalysisofmoocs,
	author = "Laddie Odom",
	title = {A SWOT Analysis of The Potential Impact of MOOCs},
	year = 2013,
	journal = "EdITLib",
	url = "http://www.editlib.org/p/112020",
	}
@article{rightandwrongmoocs,
	author = "Tony Bates",
	title = {What's right and what's wrong about Coursera-style MOOCs},
	year = 2012,
	journal = "Online Learning and Distance Eductation Resources",
	url = "http://www.tonybates.ca/2012/08/05/whats-right-and-whats-wrong-about-coursera-style-moocs/",
	}
@article{boycottfinal,
	author = "Zack Budryk",
	title = {Dangerous Curves},
	year = 2013,
	journal = "Inside Higher Ed",
	url = "http://www.insidehighered.com/news/2013/02/12/students-boycott-final-challenge-professors-grading-policy-and-get",
	}
@article{autograding,
	title = {Using Automatic Grading to Improve E-Learning in Information and 
	Computer Technology Courses},
	year = 2013,
	journal = "East Carolina University",
	url = "http://www.ecu.edu/cs-acad/fsonline/customcf/committee/tg/2013proposals/08.pdf",
	}
@article{edxsoftware,
	author = "Eric Randall",
	title = {EdX Now Has Software to Grade Your Essays},
	year = 2013,
	journal = "Boston Magazine",
	url = "http://www.bostonmagazine.com/news/blog/2013/04/04/edx-now-has-robots-to-grade-your-essays",
	}
@article{automatedsystemssuck,
	author = "Anne Herrington and Charles Moran",
	title = {Writing to a Machine is Not Writing At All },
	year = 2012,
	journal = "National Writing Project",
	url = "http://digitalis.nwp.org/sites/default/files/files/44/MoranHerringtonms.pdf",
	}
@article{howaccurateispeergrading,
	author = "Audrey Watters",
	title = {The Problems with Peer Grading in Coursera},
	year = 2012,
	journal = "Inside Higher Ed",
	url = "http://www.insidehighered.com/blogs/hack-higher-education/problems-peer-grading-coursera",
	}
@article{robogradingproblems,
	author = "Theophrastus",
	title ={The problems with MOOCs 1: Robo essay-grading},
	year = 2013,
	journal = "BLT - Bible*Literature*Translation",
	url = "http://bltnotjustasandwich.com/2013/04/05/the-problems-with-moocs-1-robo-essay-grading/",
	}
@BOOK{AGTbook,
	EDITOR = {Noam Nisan and Tim Roughgarden and E.~Tardos and V.~V.~Vazirani},
	TITLE = {{Algorithmic Game Theory}},
	PUBLISHER = {Cambridge University Press},
	YEAR = {2007}
}